@book{gorbunov-rubakov-2:2011,
      author        = "Gorbunov, Dmitry S and Rubakov, Valery A",
      title         = "{Introduction to the theory of the early universe:
                       cosmological perturbations and inflationary theory}",
      publisher     = "World Scientific",
      address       = "Singapore",
      year          = "2011",
      url           = "https://cds.cern.ch/record/1354521",
}

@book{gorbunov-rubakov-1:2017,
    author = "Gorbunov, Dmitry S and Rubakov, Valery A",
    title = "{Introduction to the Theory of the Early Universe}: {Hot big bang theory}",
    doi = "10.1142/10447",
    isbn = "978-981-320-987-9, 978-981-320-988-6, 978-981-322-005-8",
    publisher = "World Scientific",
    address = "Singapore",
    year = "2017"
}

@book{dodelson:2003,
  added-at = {2010-07-23T07:14:55.000+0200},
  author = {Dodelson, Scott},
  biburl = {https://www.bibsonomy.org/bibtex/22a950650d49f9c18aced086d2231d499/richterek},
  interhash = {e095f9bf6f73c69a987116a888add404},
  intrahash = {2a950650d49f9c18aced086d2231d499},
  keywords = {astrophysics},
  mendeley-tags = {astrophysics},
  publisher = {Academic Press, Elsevier Science},
  timestamp = {2010-07-23T07:14:58.000+0200},
  title = {{Modern Cosmology}},
  type = {Book},
  year = 2003
}

@article{ma:1995,
	doi = {10.1086/176550},  
	url = {https://doi.org/10.1086%2F176550},  
	year = 1995,
	month = {dec},  
	publisher = {American Astronomical Society},  
	volume = {455},  
	pages = {7},  
	author = {Chung-Pei Ma and Edmund Bertschinger},  
	title = {Cosmological Perturbation Theory in the Synchronous and Conformal Newtonian Gauges},  
	journal = {The Astrophysical Journal}
}

@article{seljak:1996,
	doi = {10.1086/177793},  
	url = {https://doi.org/10.1086%2F177793},  
	year = 1996,
	month = {oct},  
	publisher = {American Astronomical Society},  
	volume = {469},  
	pages = {437},  
	author = {Uros Seljak and Matias Zaldarriaga},  
	title = {A Line-of-Sight Integration Approach to Cosmic Microwave Background Anisotropies},  
	journal = {The Astrophysical Journal}
}
